
@inproceedings{krizhevsky2012imagenet,
  title={Imagenet classification with deep convolutional neural networks},
  author={Krizhevsky, Alex and Sutskever, Ilya and Hinton, Geoffrey E},
  booktitle={Advances in neural information processing systems},
  pages={1097--1105},
  year={2012}
}
@article{russell2008labelme,
  title={LabelMe: a database and web-based tool for image annotation},
  author={Russell, Bryan C and Torralba, Antonio and Murphy, Kevin P and Freeman, William T},
  journal={International journal of computer vision},
  volume={77},
  number={1-3},
  pages={157--173},
  year={2008},
  publisher={Springer}
}
@inproceedings{deng2009imagenet,
  title={Imagenet: A large-scale hierarchical image database},
  author={Deng, Jia and Dong, Wei and Socher, Richard and Li, Li-Jia and Li, Kai and Fei-Fei, Li},
  booktitle={2009 IEEE conference on computer vision and pattern recognition},
  pages={248--255},
  year={2009},
  organization={Ieee}
}
@misc{berg2010large,
  title={Large scale visual recognition challenge 2010},
  author={Berg, Alex and Deng, Jia and Fei-Fei, L},
  year={2010}
}
@article{hinton2012improving,
  title={Improving neural networks by preventing co-adaptation of feature detectors},
  author={Hinton, Geoffrey E and Srivastava, Nitish and Krizhevsky, Alex and Sutskever, Ilya and Salakhutdinov, Ruslan R},
  journal={arXiv preprint arXiv:1207.0580},
  year={2012}
}
@inproceedings{sanchez2011high,
  title={High-dimensional signature compression for large-scale image classification},
  author={S{\'a}nchez, Jorge and Perronnin, Florent},
  booktitle={CVPR 2011},
  pages={1665--1672},
  year={2011},
  organization={IEEE}
}
@inproceedings{jarrett2009best,
  title={What is the best multi-stage architecture for object recognition?},
  author={Jarrett, Kevin and Kavukcuoglu, Koray and Ranzato, Marc'Aurelio and LeCun, Yann},
  booktitle={2009 IEEE 12th international conference on computer vision},
  pages={2146--2153},
  year={2009},
  organization={IEEE}
}